@article{jpArticle3,
  author = {{山田 八郎} and {山田 六郎}},
  year = {2010},
  journal = {日本語の学会名},
  title = {手法1と手法2，どちらが正しいのか?},
  number = {1},
  pages = {15},
  volume = {5}
}
@article{enArticle3,
  author = {Goro Yamada and Rokuro Yamada},
  year = {2018},
  journal = {IEEE Transactions on Pattern Analysis and Machine Intelligence},
  title = {Title2 is true?},
  month = {nov}
}
@book{jpBook1,
  author = {佐藤, 一郎},
  year = {2010},
  publisher = {日本語出版},
  address = {東京},
  title = {日本語本},
  edition = {1},
  pages = {100--200}
}
@misc{example,
  title = {Example Domain},
  url = {http://example.com/},
  urldate = {2020-04-18}
}
